
@article{dc2009novel,
  title={A novel enhanced weighted clustering algorithm for mobile networks},
  author={Li, Chang and Wang, Yafeng and Huang, Fan and Yang, Dacheng},
  booktitle={Wireless Communications, Networking and Mobile Computing, 2009. WiCom'09. 5th International Conference on},
  pages={1--4},
  year={2009},
  organization={IEEE}
}

@article{iot2010, 
title= {The Internet of Things: A survey},
 Author= {L. Atzori and A. Iera and G. Morabito},
Journal= {Computer Network},
Pages= {2787-2805},
Year= {Oct. 2010} }
}


@article{ iot2013,
title= {Opportunistic IoT: Exploring the Harmonious Interaction between Human and the Internet of Things},
 Author= { B. Guo and D. Zhang and Z. Wang and Z. Yu, X. Zhou },
Journal= {Journal of Network and Computer Applications},
Pages= {1531-1539 },
Year= { 2013} 
}

@article {2006opnet,
title= {Opportunistic networking: data forwarding in disconnected mobile ad hoc networks},
Author= {  L. Pelusi and A. Passarella and M. Conti},
Journal= { IEEE Communications Magazine, vol. 44, Issue 11 },
Pages= { 134-141},
Year= {  Nov. 2006} 
}

@article {2000epi,
title= {Epidemic routing for partially connected ad hocnetworks },
Author= {   A.Vahdat and D.Becker},
Journal= {TechnicalReportCS-2000-06 },
Year= { 2000}
} 

@article {2004hbpr,
title= {HBPR: History Based Prediction for Routing in Infrastructure-less Opportunistic Networks},
Author=  {S. K. Dhurandher and Deepak Kr. Sharma and I. Woungang and S. Bhati},
Journal= { IEEE AINA 2013, Barcelona, Spain },
Year= {   March 25-28, 2013}
}

@article {2003pric,
title= { Probabilistic routing in intermittently connected networks },
Author= { A. Lindgren and A. Doria and O. Schelen},
Journal= {  ACM SIGMOBILE, Mobile Computing and Communications Review, vol. 7, Issue 3},
Pages= {  19-20 },
Year= {  July 2003} 
}

@article {2006on,
title= {Opportunistic networking: data forwarding in disconnected mobile ad hoc networks},
Author= {  L. Pelusi and A. Passarella and M. Conti},
Journal= { IEEE Communications Magazine, vol. 44, Issue 11 },
Pages= { 134-141},
Year= {  Nov. 2006} 
}

@article {2015pbcffon,
title= {Probability-based Controlled Flooding in Opportunistic Networks},
Author= {S. K. Dhurandher and S. J. Borah and M. S. Obaidat and D. K. Sharma and S. Gupta, B. Baruah},
Journal= { Proc. of Intl. Conference on Wireless Information Networks and System (WINSYS), Colmar, France },
Pages= { 3-8},
Year= { July 20-22, 2015 } 
}

@article {2016mlbp,
title= {A Machine Learning Based Protocol for Effcient Routing in Opportunistic Networks},
 Author= { D. K. Sharma and S. K. Dhurandher and I. Woungang and R. K. Srivastava and A. Mohananey and Joel J.P.C. Rodrigues},
Journal= { IEEESystemsJournal, DOI: 10.1109/JSYST.2016.2630923  },
Year={ 2016}
}

@article {2016dmcpm,
title= {A dynamic Markov chain prediction model for delay-tolerant networks},
 Author= {  I-k Jeon and K-w. Lee},
Journal= { International Journal of Distributed Sensor Networks, Vol 12},
Pages= {  2-7 },
Year= {  Sept. 2016} 
}

@article { 2016edr,
title= {EDR: An Encounter and Distance Based Routing Protocol for Opportunistic Networks},
 Author= { S. K. Dhurandher and S. Borah and I. Woungang and D. K. Sharma and K. Arora and D. Agarwal },
Journal= { Proc. of IEEE AINA 2016, Crans-Montana, Switzerland },
Pages= { 297-302},
Year= { March 23-25, 2016} 
}

@article {hibop,
Author = {C. Boldrini and M. Conti and I. Iacopini and A. Passarella },
title = {HIBOP: A History based Routing Protocol for Opportunistic Networks},
Journal = { Proc. of IEEE Intl. Symposium on World of Wireless, Mobile and Multimedia Networks (WOWMOM 2007)},
Pages ={1-12},
Year ={ 2007}
}



@article{keranen2008opportunistic,
  title={Opportunistic network environment simulator},
  author={Keranen, Ari},
  journal={Special Assignment report, Helsinki University of Technology, Department of Communications and Networking},
  year={2008}
}


@inproceedings{spyropoulos2005spray,
  title={Spray and wait: an efficient routing scheme for intermittently connected mobile networks},
  author={Spyropoulos, Thrasyvoulos and Psounis, Konstantinos and Raghavendra, Cauligi S},
  booktitle={Proceedings of the 2005 ACM SIGCOMM workshop on Delay-tolerant networking},
  pages={252--259},
  year={2005},
  organization={ACM}
}


@article{srinidhi2018network,
  title={Network optimizations in the Internet of Things: A review},
  author={Srinidhi, NN and Kumar, SM Dilip and Venugopal, KR},
  journal={Engineering Science and Technology, an International Journal},
  year={2018},
  publisher={Elsevier}
}